<record><leader>00000cas a22000007a 4500</leader><controlfield tag="001">16310078</controlfield><controlfield tag="008">870728d18701872inudn ne      0    0eng d</controlfield><datafield ind1=" " ind2=" " tag="010"><subfield code="a">sn 87056413 </subfield></datafield><datafield ind1=" " ind2=" " tag="040"><subfield code="a">NPI</subfield><subfield code="b">eng</subfield><subfield code="c">NPI</subfield><subfield code="d">OCLCQ</subfield></datafield><datafield ind1=" " ind2=" " tag="042"><subfield code="a">msc</subfield></datafield><datafield ind1="0" ind2="0" tag="245"><subfield code="a">Indianapolis daily commercial.</subfield></datafield><datafield ind1=" " ind2=" " tag="260"><subfield code="a">Indianapolis, Ind. :</subfield><subfield code="b">Commercial Co.,</subfield><subfield code="c">1870-1872.</subfield></datafield><datafield ind1=" " ind2=" " tag="310"><subfield code="a">Weekly (except Sun.)</subfield></datafield><datafield ind1="0" ind2=" " tag="362"><subfield code="a">Vol. 4, no. 1 (May 17, 1870)-v. 6, no. 137 (June 22, 1872).</subfield></datafield><datafield ind1=" " ind2=" " tag="580"><subfield code="a">Issued also in weekly ed. called: Weekly commercial.</subfield></datafield><datafield ind1=" " ind2=" " tag="752"><subfield code="a">United States</subfield><subfield code="b">Indiana</subfield><subfield code="c">Marion</subfield><subfield code="d">Indianapolis.</subfield></datafield><datafield ind1="1" ind2=" " tag="775"><subfield code="t">Weekly commercial (Indianapolis, Ind.)</subfield></datafield><datafield ind1="0" ind2="0" tag="780"><subfield code="t">Daily evening commercial (Indianapolis, Ind.)</subfield><subfield code="w">(DLC)sn 87056417</subfield></datafield><datafield ind1="0" ind2="4" tag="785"><subfield code="t">Evening journal (Indianapolis, Ind.)</subfield><subfield code="w">(DLC)sn 84023942</subfield></datafield></record>